@misc{ripoll, title={Crystallography. Structural resolution. The Patterson function and the Patterson method}, url={https://www.xtal.iqfr.csic.es/Cristalografia/parte_07_3-en.html}, journal={Crystallography-Cristalografia}, publisher={Rocasolano Institute of Physical Chemistry}, author={Ripoll, Martin Martinez}}

@misc{pat, url={http://www.bio.brandeis.edu/classes/archives/biochem102/sftut/frame_patt1.html}, journal={6. The Patterson function}, publisher={Brandeis.edu}}

@misc{mit, title={Phasing Handout 1}, url={https://ocw.mit.edu/courses/chemistry/5-069-crystal-structure-analysis-spring-2010/lecture-notes/phasing_handout1.pdf}, journal={ocw.mit.edu}, publisher={MIT}, year={2010}}

@misc{scidir, title={X-Ray Diffraction}, url={https://www.sciencedirect.com/topics/materials-science/x-ray-diffraction}, journal={X-Ray Diffraction - an overview | ScienceDirect Topics}}

@misc{expo2014, title={Bond Valence Sum}, url={http://www.ba.ic.cnr.it/softwareic/expo/bond-valence-sum/}, journal={Expo2014 Documentation}, publisher={Expo2014}}